@Manual{R,
    title = {R: A Language and Environment for Statistical Computing},
    author = {{R Core Team}},
    organization = {R Foundation for Statistical Computing},
    address = {Vienna, Austria},
    year = {2020},
    url = {https://www.R-project.org/},
  }
  
 @Manual{kableExtra,
    title = {kableExtra: Construct Complex Table with 'kable' and Pipe Syntax},
    author = {Hao Zhu},
    year = {2021},
    note = {R package version 1.3.4},
    url = {https://CRAN.R-project.org/package=kableExtra},
  }

@Article{tidyverse,
    title = {Welcome to the {tidyverse}},
    author = {Hadley Wickham and Mara Averick and Jennifer Bryan and Winston Chang and Lucy D'Agostino McGowan and Romain François and Garrett Grolemund and Alex Hayes and Lionel Henry and Jim Hester and Max Kuhn and Thomas Lin Pedersen and Evan Miller and Stephan Milton Bache and Kirill Müller and Jeroen Ooms and David Robinson and Dana Paige Seidel and Vitalie Spinu and Kohske Takahashi and Davis Vaughan and Claus Wilke and Kara Woo and Hiroaki Yutani},
    year = {2019},
    journal = {Journal of Open Source Software},
    volume = {4},
    number = {43},
    pages = {1686},
    doi = {10.21105/joss.01686},
  }

@Article{lessR,
  title = {Enhancement of the Command-Line Environment for use in the Introductory Statistics Course and Beyond},
  author = {David W. Gerbing},
  journal = {Journal of Statistics and Data Science Education},
  year = {2021},
  volume = {29},
  number = {3},
  pages = {251--256},
  publisher = {Taylor & Francis},
  address = {New York},
  doi = {10.1080/26939169.2021.1999871},
}

@Manual{tidyr,
    title = {tidyr: Tidy Messy Data},
    author = {Hadley Wickham and Davis Vaughan and Maximilian Girlich},
    year = {2023},
    note = {R package version 1.3.0},
    url = {https://CRAN.R-project.org/package=tidyr},
  }
  
@Article{reshape2,
    title = {Reshaping Data with the {reshape} Package},
    author = {Hadley Wickham},
    journal = {Journal of Statistical Software},
    year = {2007},
    volume = {21},
    number = {12},
    pages = {1--20},
    url = {http://www.jstatsoft.org/v21/i12/},
  }

@Manual{knitr,
  title = {knitr: A General-Purpose Package for Dynamic Report Generation in R},
  author = {Yihui Xie},
  year = {2023},
  note = {R package version 1.42},
  url = {https://yihui.org/knitr/},
}

@Manual{haven,
    title = {haven: Import and Export 'SPSS', 'Stata' and 'SAS' Files},
    author = {Hadley Wickham and Evan Miller and Danny Smith},
    year = {2022},
    note = {R package version 2.5.1},
    url = {https://CRAN.R-project.org/package=haven},
  }

@Manual{vtable,
    title = {vtable: Variable Table for Variable Documentation},
    author = {Nick Huntington-Klein},
    year = {2022},
    note = {R package version 1.4.1},
    url = {https://CRAN.R-project.org/package=vtable},
  }